%! Author = jakob
%! Date = 5. 11. 24

